@inproceedings{PIOTROWSKI2021,
   abstract = {A rede de transmissão de energia elétrica está em constante processo de mudanças para suprir o aumento de demanda e da confiabilidade do sistema. Para a expansão do sistema de transmissão é fundamental realizar um planejamento e uma análise correta das alternativas disponíveis. Este artigo apresenta uma proposta para a expansão da rede de transmissão sul brasileiro de 32 barras com a inserção de duas novas linhas visando aumentar a sua robustez e disponibilidade. Considerou-se dois cenários, um com hidrologia regular e outro com baixa hidrologia das hidroelétricas. As linhas de transmissão foram dimensionadas e inseridas nas simulações do software ANAREDE para as análises de fluxo de potência, de contingências, de acréscimo de carga e das perdas de potência ativa. Entre os principais resultados apresentados neste artigo estão a diminuição tanto das perdas de potência ativa como do índice total de severidade das contingências.},
   author = {LEONARDO JONAS PIOTROWSKI and DIOGO FRANCHI and MAURICIO SPERANDIO and FELIX ALBERTO FARRET},
   doi = {10.53316/sepoc2021.028},
   month = {5},
   pages = {-----},
   publisher = {Seminar on Power Electronics and Control - SEPOC},
   title = {Análise de Expansão do Sistema de Transmissão Sul Brasileiro de 32 Barras},
   year = {2021},
}
@report{,
   author = {Guilherme Luís and Roehe Vaccaro},
   title = {UNIVERSIDADE FEDERAL DO RIO GRANDE DO SUL ESCOLA DE ENGENHARIA PROGRAMA DE PÓS-GRADUAÇÃO EM ENGENHARIA DE PRODUÇÃO MODELAGEM E ANÁLISE DA CONFIABILIDADE DE SISTEMAS},
   year = {1997},
}
@report{,
   title = {SERVIÇOS ECOSSISTÊMICOS E O SETOR ELÉTRICO: OPORTUNIDADES E DESAFIOS DA POLÍTICA NACIONAL DE PAGAMENTO POR SERVIÇOS AMBIENTAIS NOTA TÉCNICA},
   url = {http://www.epe.gov.br},
}
