@report{Nunes2017,
   author = {Juliana Souza Nunes and Armando Martins and Leite Da Silva},
   keywords = {()},
   pages = {1-123},
   title = {IMPACTO DA CONFIABILIDADE DE REDES DE TRANSMISSÃO E SUBTRANSMISSÃO NOS ÍNDICES DE DESEMPENHO DE SISTEMAS DE DISTRIBUIÇÃO},
   year = {2017},
}
@report{Cabral2020,
   author = {Eduardo Almeida Cabral},
   pages = {1-81},
   title = {ESTUDO DE CONFIABILIDADE APLICADO À ANÁLISE DE ALTERNATIVAS DEPROJETO DE SUBESTAÇÃO INDUSTRIAL 69-13,8 KV BASEADO NO MODELO DEMARKOV E ANÁLISE DE FALHA},
   year = {2020},
}
@report{Reis2008,
   author = {João Luis Reis and E Silva and Belo Horizonte},
   title = {AVALIAÇÃO DA CONFIABILIDADE EM SISTEMAS ELÉTRICOS COM BASE NOS PARÂMETROS DE QUALIDADE DA ENERGIA},
   year = {2008},
}
@report{Guilherme1997,
   author = {Guilherme Luís and Roehe Vaccaro},
   title = {MODELAGEM E ANÁLISEDA CONFIABILIDADE DE SISTEMAS},
   year = {1997},
}
@report{EPE2021,
   author = {Empresa de Pesquisa Energética},
   pages = {1-36},
   title = {SERVIÇOS ECOSSISTÊMICOS E O SETOR ELÉTRICO: OPORTUNIDADES E DESAFIOS DA POLÍTICA NACIONAL DE PAGAMENTO POR SERVIÇOS AMBIENTAIS NOTA TÉCNICA},
   url = {http://www.epe.gov.br},
   year = {2021},
}
@report{Gabriela2022,
   abstract = {Estudo da confiabilidade de sistemas elétricos de potência considerando condições meteorológicas severas em cenários de alta integração de fontes de energia renováveis Araranguá 2022},
   author = {Gabriela Mendes Da Silva},
   pages = {1-50},
   title = {Estudo da confiabilidade de sistemas elétricos de potência considerando condições meteorológicasseveras em cenários de alta integração de fontes de energia renováveis},
   year = {2022},
}
@inproceedings{PIOTROWSKI2021,
   abstract = {A rede de transmissão de energia elétrica está em constante processo de mudanças para suprir o aumento de demanda e da confiabilidade do sistema. Para a expansão do sistema de transmissão é fundamental realizar um planejamento e uma análise correta das alternativas disponíveis. Este artigo apresenta uma proposta para a expansão da rede de transmissão sul brasileiro de 32 barras com a inserção de duas novas linhas visando aumentar a sua robustez e disponibilidade. Considerou-se dois cenários, um com hidrologia regular e outro com baixa hidrologia das hidroelétricas. As linhas de transmissão foram dimensionadas e inseridas nas simulações do software ANAREDE para as análises de fluxo de potência, de contingências, de acréscimo de carga e das perdas de potência ativa. Entre os principais resultados apresentados neste artigo estão a diminuição tanto das perdas de potência ativa como do índice total de severidade das contingências.},
   author = {LEONARDO JONAS PIOTROWSKI and DIOGO FRANCHI and MAURICIO SPERANDIO and FELIX ALBERTO FARRET},
   doi = {10.53316/sepoc2021.028},
   month = {5},
   pages = {-----},
   publisher = {Seminar on Power Electronics and Control - SEPOC},
   title = {Análise de Expansão do Sistema de Transmissão Sul Brasileiro de 32 Barras},
   year = {2021},
}
@report{Armando2022,
   author = {Armando Martins Leite da Silva},
   title = {4. Análise de Confiabilidade em Sistemas de Potência},
   year = {2022},
}
@report{Lazari,
	abstract = {Resumo-Esse estudo apresenta uma análise de confiabilidade para um sistema de potência de geração e transmissão de energia elétrica. Serão analisadas as fragilidades que o sistema apresenta quando simuladas todas as contingências para o nível hierárquico NH2 através do critério N-2 utilizando o software ANAREDE. Assim, serão observados os incrementos de confiabilidade decorrentes da inserção de um parque eólico ao sistema. Serão comparados os cenários em que o parque eólico opere como uma fonte variável e como uma fonte não intermitente de energia elétrica. Palavras-chave-Cadeias de Markov, Confiabilidade Composta, COPT, Diagrama de Cortes Mínimos, Geração Eólica.},
	author = {G M Lazari and L H Medeiros and N D Barth and R Biazzi and M Sperandio},
	title = {ESTUDO DE CONFIABILIDADE PARA UM SISTEMA DE POTÊNCIA ATRAVÉS DA INSERÇÃO DE UM PARQUE EÓLICO},
}
@report{Cassula2003,
	abstract = {This paper presents a new methodology to evaluate the reliability of distribution systems considering the impact of failures from the generation and transmission (G&T) systems. Therefore, an integrated adequacy evaluation, including generation, transmission and distribution, is performed in order to provide a more detailed information about interruptions experienced by consumers. The G&T systems are represented by a fictitious equivalent network, whose parameters are obtained by Monte Carlo non-sequential simulation. The equivalent G&T network is then connected with the distribution network and analyzed by the minimal cut-set theory. Traditional distribution indices (e.g. SAIFI, SAIDI, etc.) as well as the LOLC-Loss of Load Cost-indices are disaggregated to measure the contribution of G&T and distribution systems on the overall system indices. The proposed method is applied to the IEEE-RTS, which represents the G&T system, connected with the RBTS, which represents the distribution system. The results and their potential applications to the new power system competitive environment are discussed.},
	author = {A M Cassula and A M Leite Da Silva and L A F Manso and R Billinton},
	keywords = {Distribution reliability,generation transmission and distribution reliability,hi-erarchical level 3,reliability worth},
	pages = {262-271},
	title = {AVALIAÇÃO DA CONFIABILIDADE EM SISTEMAS DE DISTRIBUIÇÃO CONSIDERANDO FALHAS DE GERAÇÃO E TRANSMISSÃO},
	year = {2003},
}
